
<record>
<leader>00757aam a2200265 a 4500</leader>
<controlfield tag="001">016059359</controlfield>
<controlfield tag="003">Uk</controlfield>
<controlfield tag="005">20121107153332.0</controlfield>
<controlfield tag="008">120309s2012    enk           000 d eng d</controlfield>
<datafield tag="015" ind1=" " ind2=" ">
<subfield code="a">GBB251531</subfield>
<subfield code="2">bnb</subfield>
</datafield>
<datafield tag="020" ind1=" " ind2=" ">
<subfield code="a">9780571290383 (pbk.)</subfield>
</datafield>
<datafield tag="035" ind1=" " ind2=" ">
<subfield code="a">(UkCU)5338361</subfield>
</datafield>
<datafield tag="038" ind1=" " ind2=" ">
<subfield code="a">OCoLC</subfield>
</datafield>
<datafield tag="040" ind1=" " ind2=" ">
<subfield code="a">CDX</subfield>
<subfield code="b">eng</subfield>
<subfield code="c">CDX</subfield>
<subfield code="d">OCLCQ</subfield>
<subfield code="d">NLE</subfield>
<subfield code="d">UkCU</subfield>
<subfield code="d">UkCU</subfield>
<subfield code="d">Uk</subfield>
</datafield>
<datafield tag="041" ind1="1" ind2=" ">
<subfield code="a">eng</subfield>
<subfield code="h">nor</subfield>
</datafield>
<datafield tag="042" ind1=" " ind2=" ">
<subfield code="a">ukscp</subfield>
</datafield>
<datafield tag="050" ind1=" " ind2="4">
<subfield code="a">PT8864.A31</subfield>
</datafield>
<datafield tag="082" ind1="0" ind2="4">
<subfield code="a">839.8226</subfield>
<subfield code="2">22</subfield>
</datafield>
<datafield tag="100" ind1="1" ind2=" ">
<subfield code="a">Ibsen, Henrik,</subfield>
<subfield code="d">1828-1906.</subfield>
</datafield>
<datafield tag="240" ind1="1" ind2="0">
<subfield code="a">Fruen fra havet.</subfield>
<subfield code="l">English</subfield>
</datafield>
<datafield tag="245" ind1="1" ind2="4">
<subfield code="a">The lady from the sea /</subfield>
<subfield code="c">Henrik Ibsen ; a version by Stephen Unwin.</subfield>
</datafield>
<datafield tag="260" ind1=" " ind2=" ">
<subfield code="a">London :</subfield>
<subfield code="b">Faber and Faber,</subfield>
<subfield code="c">2012.</subfield>
</datafield>
<datafield tag="300" ind1=" " ind2=" ">
<subfield code="a">110 p. ;</subfield>
<subfield code="c">20 cm.</subfield>
</datafield>
<datafield tag="546" ind1=" " ind2=" ">
<subfield code="a">Translated from the Norwegian.</subfield>
</datafield>
<datafield tag="700" ind1="1" ind2=" ">
<subfield code="a">Unwin, Stephen.</subfield>
</datafield>
</record>